@misc{cggmp21,
      author = {Ran Canetti and Rosario Gennaro and Steven Goldfeder and Nikolaos Makriyannis and Udi Peled},
      title = {{UC Non-Interactive, Proactive, Threshold ECDSA with Identifiable Aborts}},
      howpublished = {Cryptology ePrint Archive, Paper 2021/060},
      year = {2021},
      doi = {10.1145/3372297.3423367},
      note = {Available at \url{ https://eprint.iacr.org/2021/060}}
}

@misc{safe-primes,
  author = "M.J. Wiener",
  title = "Safe Prime Generation with a Combined Sieve",
  note = "Available at \url{ https://eprint.iacr.org/2003/186.pdf}"
}